@Article{xie:2002,
   Author="Xie, Q.  and Bu, W.  and Bhatia, S.  and Hare, J.  and Somasundaram, T.  and Azzi, A.  and Chapman, M. S. ",
   Title="{{T}he atomic structure of adeno-associated virus ({A}{A}{V}-2), a vector for human gene therapy}",
   Journal="Proc. Natl. Acad. Sci. U.S.A.",
   Year="2002",
   Volume="99",
   Number="16",
   Pages="10405--10410",
   Month="Aug"
}

@Article{perabo:2006,
   Author="Perabo, L.  and Goldnau, D.  and White, K.  and Endell, J.  and Boucas, J.  and Humme, S.  and Work, L. M.  and Janicki, H.  and Hallek, M.  and Baker, A. H.  and Buning, H. ",
   Title="{{H}eparan sulfate proteoglycan binding properties of adeno-associated virus retargeting mutants and consequences for their in vivo tropism}",
   Journal="J. Virol.",
   Year="2006",
   Volume="80",
   Number="14",
   Pages="7265--7269",
   Month="Jul"
}

@Article{mueller:2003,
   Author="M{\"u}ller, O. J.  and Kaul, F.  and Weitzman, M. D.  and Pasqualini, R.  and Arap, W.  and Kleinschmidt, J. A.  and Trepel, M. ",
   Title="{{R}andom peptide libraries displayed on adeno-associated virus to select for targeted gene therapy vectors}",
   Journal="Nat. Biotechnol.",
   Year="2003",
   Volume="21",
   Number="9",
   Pages="1040--1046",
   Month="Sep"
}


@Article{varadi:2012,
   Author="Varadi, K.  and Michelfelder, S.  and Korff, T.  and Hecker, M.  and Trepel, M.  and Katus, H. A.  and Kleinschmidt, J. A.  and M{\"u}ller, O. J. ",
   Title="{{N}ovel random peptide libraries displayed on {A}{A}{V} serotype 9 for selection of endothelial cell-directed gene transfer vectors}",
   Journal="Gene Ther.",
   Year="2012",
   Volume="19",
   Number="8",
   Pages="800--809",
   Month="Aug"
}

@Article{kreppel:2005,
   Author="Kreppel, F.  and Gackowski, J.  and Schmidt, E.  and Kochanek, S. ",
   Title="{{C}ombined genetic and chemical capsid modifications enable flexible and efficient de- and retargeting of adenovirus vectors}",
   Journal="Mol. Ther.",
   Year="2005",
   Volume="12",
   Number="1",
   Pages="107--117",
   Month="Jul"
}


@Article{bosley05,
   Author="Bosley, A. D.  and Ostermeier, M. ",
   Title="{{M}athematical expressions useful in the construction, description and evaluation of protein libraries}",
   Journal="Biomol. Eng.",
   Year="2005",
   Volume="22",
   Number="1-3",
   Pages="57--61",
   Month="Jun"
}

@Article{noren:2001,
   Author="Noren, K. A.  and Noren, C. J. ",
   Title="{{C}onstruction of high-complexity combinatorial phage display peptide libraries}",
   Journal="Methods",
   Year="2001",
   Volume="23",
   Number="2",
   Pages="169--178",
   Month="Feb"
}

@Article{rodi:2002,
   Author="Rodi, D. J.  and Soares, A. S.  and Makowski, L. ",
   Title="{{Q}uantitative assessment of peptide sequence diversity in {M}13 combinatorial peptide phage display libraries}",
   Journal="J. Mol. Biol.",
   Year="2002",
   Volume="322",
   Number="5",
   Pages="1039--1052",
   Month="Oct"
}

@Article{degraaf:1993,
   Author="DeGraaf, M. E.  and Miceli, R. M.  and Mott, J. E.  and Fischer, H. D. ",
   Title="{{B}iochemical diversity in a phage display library of random decapeptides}",
   Journal="Gene",
   Year="1993",
   Volume="128",
   Number="1",
   Pages="13--17",
   Month="Jun"
}

@Article{nishimoto:2012,
   Author="Nishimoto, T.  and Yamamoto, Y.  and Yoshida, K.  and Goto, N.  and Ohnami, S.  and Aoki, K. ",
   Title="{{D}evelopment of peritoneal tumor-targeting vector by in vivo screening with a random peptide-displaying adenovirus library}",
   Journal="PLoS ONE",
   Year="2012",
   Volume="7",
   Number="9",
   Pages="e45550"
}

@Article{bupp:2003,
   Author="Bupp, K.  and Roth, M. J. ",
   Title="{{T}argeting a retroviral vector in the absence of a known cell-targeting ligand}",
   Journal="Hum. Gene Ther.",
   Year="2003",
   Volume="14",
   Number="16",
   Pages="1557--1564",
   Month="Nov"
}

@Manual{discreteRV,
    title = {discreteRV: definitions and functions to work with discrete random distributions in R},
    author = {Andreas Buja},
    year = {2013},
    note = {R package version 1.0},
    url = {http://CRAN.R-project.org/package=discreteRV},
  }

@Manual{peptider,
    title = {peptider: evaluation of diversity in nucleotide libraries},
    author = {Heike Hofmann and Eric Hare and Timo Sieber},
    year = {2013},
    note = {R package version 0.0.1},
    url = {https://github.com/heike/peptider},
  }

  @Manual{shiny,
    title = {{shiny: Web Application Framework for R}},
    author = {{RStudio Inc.}},
    year = {2013},
    note = {R package version 0.5.0},
    url = {http://CRAN.R-project.org/package=shiny},
  }

@Manual{R,
    title = {R: A Language and Environment for Statistical Computing},
    author = {{R Core Team}},
    organization = {R Foundation for Statistical Computing},
    address = {Vienna, Austria},
    year = {2013},
    note = {{ISBN} 3-900051-07-0},
    url = {http://www.R-project.org/}
  }

@article{henikoff92,
author = {Henikoff, S and Henikoff, J G}, 
title = {Amino acid substitution matrices from protein blocks},
volume = {89}, 
number = {22}, 
pages = {10915-10919}, 
year = {1992}, 
abstract ={Methods for alignment of protein sequences typically measure similarity by using a substitution matrix with scores for all possible exchanges of one amino acid with another. The most widely used matrices are based on the Dayhoff model of evolutionary rates. Using a different approach, we have derived substitution matrices from about 2000 blocks of aligned sequence segments characterizing more than 500 groups of related proteins. This led to marked improvements in alignments and in searches using queries from each of the groups.}, 
URL = {http://www.pnas.org/content/89/22/10915.abstract}, 
eprint = {http://www.pnas.org/content/89/22/10915.full.pdf+html}, 
journal = {Proceedings of the National Academy of Sciences} 
}

@book{doerrie,
  author={Heinrich D\"orrie},
  title={100 great problems of elementary mathematics : their history and solution},
  publisher={Dover Publications},
  series={Dover books on elementary and intermediate mathematics},
  year=1965,
  address={New York}
}
@article{scott90,
  title={Searching for Peptide Ligands with an Epitope Library},
  author={Jamie K. Scott and George P. Smith},
  journal={Science},
  volume={249}, 
  number={4967},
  year={1990},
  pages={386--390}
}

@Article{patrick05,
   Author="Patrick, Wayne M.  and Firth, A. E. ",
   Title="{{S}trategies and computational tools for improving randomized protein libraries}",
   Journal="Biomol. Eng.",
   Year="2005",
   Volume="22",
   Number="4",
   Pages="105--112",
   Month="Oct"
}

@article{firth05,
author = {Firth, Andrew E. and Patrick, Wayne M.}, 
title = {Statistics of protein library construction},
volume = {21}, 
number = {15}, 
pages = {3314-3315}, 
year = {2005}, 
doi = {10.1093/bioinformatics/bti516}, 
abstract ={Summary: We have investigated the statistics associated with constructing and sampling large protein-encoding libraries. Using fairly simple statistics we have written algorithms for estimating the diversity in libraries generated by the most commonly used protocols, including error-prone PCR, DNA shuffling, StEP PCR, oligonucleotide-directed randomization, MAX randomization, synthetic shuffling, DHR, ADO and SISDC.Availability: Web interface and C++ source code available at http://guinevere.otago.ac.nz/stats.htmlContact: aef@sanger.otago.ac.nzSupplementary information: Complete mathematical notes, model assumptions and justification, users' guide and worked examples at above website.}, 
URL = {http://bioinformatics.oxfordjournals.org/content/21/15/3314.abstract}, 
eprint = {http://bioinformatics.oxfordjournals.org/content/21/15/3314.full.pdf+html}, 
journal = {Bioinformatics} 
}

@article{patrick03,
author = {Patrick, Wayne M. and Firth, Andrew E. and Blackburn, Jonathan M.}, 
title = {User-friendly algorithms for estimating completeness and diversity in randomized protein‐encoding libraries},
volume = {16}, 
number = {6}, 
pages = {451-457}, 
year = {2003}, 
doi = {10.1093/protein/gzg057}, 
abstract ={Directed evolution of proteins depends on the production of molecular diversity by random mutagenesis. While a number of methods have been developed for introducing this diversity, the best ways to sample it are not always clear. Here we used simple statistics to analyse completeness and diversity in randomized libraries generated by oligonucleotide‐directed mutagenesis, error‐prone polymerase chain reaction (epPCR) and in vitro recombination of highly homologous sequences. For oligonucleotide‐directed mutagenesis, we derive equations to estimate how complete a given library is expected to be and also to predict the size of library required to give a fixed probability of being 100% complete. We describe the statistical bases for computer programs which estimate the number of distinct variants represented in epPCR and shuffled libraries, dubbed PEDEL and DRIVeR, respectively. These programs allow the user to calculate (rather than guess) the diversity represented in a given library and also provide empirical guidelines for maximizing this diversity. PEDEL and DRIVeR are available at www.bio.cam.ac.uk/∼blackburn/stats.html.}, 
URL = {http://peds.oxfordjournals.org/content/16/6/451.abstract}, 
eprint = {http://peds.oxfordjournals.org/content/16/6/451.full.pdf+html}, 
journal = {Protein Engineering} 
}

@article{firth08,
  journal={Nucleic Acids Research}, 
  year={2008}, 
  volume={36},
  pages={W281--285},
  title={{GLUE-IT} and {PEDELAA}: new programmes for analyzing protein diversity in randomized libraries},
  author={Andrew E. Firth and Wayne M. Patrick}
}

@article{makowski03,
  title={Estimating the diversity of peptide populations from limited sequence data},
  author={Lee Makowski and Alexei Soares},
  journal={Bioinformatics},
  volume={19},
  number={4},
  pages={483--489},
  year={2003},
  ee={http://dx.doi.org/10.1093/bioinformatics/btg013}
}

@article{rozinov:1998,
  author={Rozinov, M. N. and Nolan, G. P.},
  year={1998},
  title={Evolution of peptides that modulate the spectral qualities of bound, small-molecule fluorophores.},
  journal={Chem Biol},
  volume={5},
  pages={713--728}
}

@article{rodi:1999,
  title = "Screening of a library of phage-displayed peptides identifies human Bcl-2 as a taxol-binding protein",
  journal = "Journal of Molecular Biology",
volume = "285",
number = "1",
pages = "197 - 203",
year = "1999",
note = "",
issn = "0022-2836",
doi = "10.1006/jmbi.1998.2303",
url = "http://www.sciencedirect.com/science/article/pii/S0022283698923038",
author = "Diane J Rodi and Robert W Janes and Hitesh J Sanganee and Robert A Holton and B.A Wallace and Lee Makowski",
keywords = "phage display",
keywords = "paclitaxel",
keywords = "Bcl-2",
keywords = "apoptosis"
}

@article{girod:1999,
  author={Girod, A and Ried, M and Wobus, C and Lahm, H and Leike, K and Kleinschmidt, J and Del\'eage, G and Hallek, M.},
  journal={Nat Med.},
  year={1999},
  volume={5},
  number=9,
  pages={1052--1056},
  title={Genetic capsid modifications allow efficient re-targeting of adeno-associated virus type~2.}
}

@article{lu:2012,
  author={Lu, G. and Zheng, M.  and Zhu, Y.  and Sha, M.  and Wu, Y.  and Han, X. },
  journal={Int J Biol Sci},
  year={2012},
  volume={8},
   Number="5",
  pages={650--662},
  title={Selection of peptide inhibitor to matrix metalloproteinase-2 using phage display 
and its effects on pancreatic cancer cell lines {PANC}-1 and {CFPAC}-1}
}



@article{rozinov98,
  author={Rozinov, M.N. and G.P. Nolan}, 
  title={Evolution of peptides that modulate the spectral qualities of bound, small-molecule fluorophores},
  journal={Chem Biol}, 
  year={1998},
  volume={5},
  number={12},
  pages={713--28}
}

article{rodi99,
  journal={J Mol Biol},
  year={1999}
   volume={285}, 
  number=1,
pages={197--203},
  title={Screening of a library of phage-displayed peptides identifies human bcl-2 as a taxol-binding protein},
  author={Rodi, D.J. and Janes, R.W. and Sanganee, H.J. and Holton, R.A. and Wallace, B.A. and     Makowski, L.
}


@Article{binder11,
   Author={Binder, M.  and M\"uller, F.  and Jackst, A.  and L'echenne, B.  and Pantic, M.  and Bacher, U.  and Zu Eulenburg, C.  and Veelken, H.  and Mertelsmann, R.  and Pasqualini, R.  and Arap, W.  and Trepel, M.},
   Title="{{B}-cell receptor epitope recognition correlates with the clinical course of chronic lymphocytic leukemia}",
   Journal="Cancer",
   Year="2011",
   Volume="117",
   Number="9",
   Pages="1891--1900",
   Month="May"
}

@Article{waterkamp06,
   Author={Waterkamp, D. A.  and M\"uller, O. J.  and Ying, Y.  and Trepel, M.  and Kleinschmidt, J. A. },
   Title="{{I}solation of targeted {A}{A}{V}2 vectors from novel virus display libraries}",
   Journal="J Gene Med",
   Year="2006",
   Volume="8",
   Number="11",
   Pages="1307--1319",
   Month="Nov"
}

@Article{deshayes02,
   Author="Deshayes, K.  and Schaffer, M. L.  and Skelton, N. J.  and Nakamura, G. R.  and Kadkhodayan, S.  and Sidhu, S. S. ",
   Title="{{R}apid identification of small binding motifs with high-throughput phage display: discovery of peptidic antagonists of {I}{G}{F}-1 function}",
   Journal="Chem. Biol.",
   Year="2002",
   Volume="9",
   Number="4",
   Pages="495--505",
   Month="Apr"
}

@Article{naumer12,
   Author={Naumer, M.  and Ying, Y.  and Michelfelder, S.  and Reuter, A.  and Trepel, M.  and M\"uller, O. J.  and Kleinschmidt, J. A. },
   Title="{{D}evelopment and validation of novel {A}{A}{V}2 random libraries displaying peptides of diverse lengths and at diverse capsid positions}",
   Journal="Hum. Gene Ther.",
   Year="2012",
   Volume="23",
   Number="5",
   Pages="492--507",
   Month="May"
}

@Article{lindner11,
   Author="Lindner, T.  and Kolmar, H.  and Haberkorn, U.  and Mier, W. ",
   Title="{{D}{N}{A} libraries for the construction of phage libraries: statistical and structural requirements and synthetic methods}",
   Journal="Molecules",
   Year="2011",
   Volume="16",
   Number="2",
   Pages="1625--1641"
}

@Article{michelfelder09a,
   Author="Michelfelder, S.  and Trepel, M. ",
   Title="{{A}deno-associated viral vectors and their redirection to cell-type specific receptors}",
   Journal="Adv. Genet.",
   Year="2009",
   Volume="67",
   Pages="29--60"
}

@Article{michelfelder09b,
   Author={Michelfelder, S.  and Kohlsch\"utter, J.  and Skorupa, A.  and Pfennings, S.  and Muller, O.  and Kleinschmidt, J. A.  and Trepel, M.},
   Title="{{S}uccessful expansion but not complete restriction of tropism of adeno-associated virus by in vivo biopanning of random virus display peptide libraries}",
   Journal="PLoS ONE",
   Year="2009",
   Volume="4",
   Number="4",
   Pages="e5122"
}

@Article{mcconnell94,
   Author="McConnell, S. J.  and Kendall, M. L.  and Reilly, T. M.  and Hoess, R. H. ",
   Title="{{C}onstrained peptide libraries as a tool for finding mimotopes}",
   Journal="Gene",
   Year="1994",
   Volume="151",
   Number="1-2",
   Pages="115--118",
   Month="Dec"
}


@Article{fukunaga12,
   Author="Fukunaga, K.  and Taki, M. ",
   Title="{{P}ractical tips for construction of custom {P}eptide libraries and affinity selection by using commercially available phage display cloning systems}",
   Journal="J Nucleic Acids",
   Year="2012",
   Volume="2012",
   Pages="295719"
}

@Article{kayushin96,
   Author="Kayushin, A. L.  and Korosteleva, M. D.  and Miroshnikov, A. I.  and Kosch, W.  and Zubov, D.  and Piel, N. ",
   Title="{{A} convenient approach to the synthesis of trinucleotide phosphoramidites--synthons for the generation of oligonucleotide/peptide libraries}",
   Journal="Nucleic Acids Res.",
   Year="1996",
   Volume="24",
   Number="19",
   Pages="3748--3755",
   Month="Oct"
}

@Article{krumpe07,
   Author="Krumpe, L. R.  and Schumacher, K. M.  and McMahon, J. B.  and Makowski, L.  and Mori, T. ",
   Title="{{T}rinucleotide cassettes increase diversity of {T}7 phage-displayed peptide library}",
   Journal="BMC Biotechnol.",
   Year="2007",
   Volume="7",
   Pages="65"
}

@article{scholle05,
  author={Scholle, M.D. and   Kehoe, J.W. and  Kay, B.K.},
  title={Efficient construction of a large collection of phage-displayed combinatorial peptide libraries},
  journal={Comb Chem High Throughput Screen},
  year=2005,
  volume={8},
  number={6},
  pages={545--51}
}

@article{nov12,
  author={Nov, Yuval},
  title={When second best is good enough: another probabilistic look at saturation mutagenesis.},
  journal={Appl Environ Microbiol},
  year=2012,
  volume=78,
  number=1,
  pages={258--62}
}

@Article{michelfelder07,
   Author="Michelfelder, S.  and Lee, M. K.  and deLima-Hahn, E.  and Wilmes, T.  and Kaul, F.  and Muller, O.  and Kleinschmidt, J. A.  and Trepel, M. ",
   Title="{{V}ectors selected from adeno-associated viral display peptide libraries for leukemia cell-targeted cytotoxic gene therapy}",
   Journal="Exp. Hematol.",
   Year="2007",
   Volume="35",
   Number="12",
   Pages="1766--1776",
   Month="Dec"
}
